%-------------------- Community-based Edge Computing ----------------------------------

@inproceedings{lavoie2019pvc,
author = {Lavoie, Erick and Hendren, Laurie},
title = {Personal Volunteer Computing},
year = {2019},
isbn = {9781450366854},
publisher = {Association for Computing Machinery},
address = {New York, NY, USA},
url = {https://doi.org/10.1145/3310273.3322819},
doi = {10.1145/3310273.3322819},
booktitle = {Proceedings of the 16th ACM International Conference on Computing Frontiers},
pages = {240–246},
numpages = {7},
location = {Alghero, Italy},
series = {CF ’19}
}

@inproceedings{lavoie2019pando,
author = {Lavoie, Erick and Hendren, Laurie and Desprez, Frederic and Correia, Miguel},
title = {Pando: Personal Volunteer Computing in Browsers},
year = {2019},
isbn = {9781450370097},
publisher = {Association for Computing Machinery},
address = {New York, NY, USA},
url = {https://doi.org/10.1145/3361525.3361539},
doi = {10.1145/3361525.3361539},
booktitle = {Proceedings of the 20th International Middleware Conference},
pages = {96–109},
numpages = {14},
keywords = {WebSocket, WebRTC, Personal Volunteer Computing, Web Technologies, JavaScript, Volunteer Computing},
location = {Davis, CA, USA},
series = {Middleware ’19}
}

@article{fox2009above,
  title={Above the clouds: A berkeley view of cloud computing},
  author={Fox, Armando and Griffith, Rean and Joseph, Anthony and Katz, Randy and Konwinski, Andrew and Lee, Gunho and Patterson, David and Rabkin, Ariel and Stoica, Ion and others},
  journal={Dept. Electrical Eng. and Comput. Sciences, University of California, Berkeley, Rep. UCB/EECS},
  volume={28},
  number={13},
  pages={2009},
  year={2009}
}


@article{buyya2009cloud,
  title={{Cloud computing and emerging IT platforms: Vision, hype, and reality for delivering computing as the 5th utility}},
  author={Buyya, Rajkumar and Yeo, Chee Shin and Venugopal, Srikumar and Broberg, James and Brandic, Ivona},
  journal={Future Generation Computer Systems},
  volume={25},
  number={6},
  pages={599--616},
  year={2009},
  publisher={Elsevier},
  doi = {10.1016/j.future.2008.12.001}
}

@article{foster2001anatomy,
  year={2001},
  title={{The Anatomy of the Grid: Enabling Scalable Virtual Organizations}},
  author={Foster, Ian and Kesselman, Carl and Tuecke, Steven},
  journal={The International Journal of High Performance Computing Applications},
  volume={15},
  number={3},
  pages={200--222},
  date={2001-08-01},
  publisher={Sage Publications Sage CA: Thousand Oaks, CA},
  doi={10.1177/109434200101500302}
}

@inproceedings{foster2008cloud,
  title={{Cloud Computing and Grid Computing 360-degree Compared}},
  author={Foster, Ian and Zhao, Yong and Raicu, Ioan and Lu, Shiyong},
  booktitle={Grid Computing Environments Workshop},
  series = {GCE'08},
  pages={1--10},
  year={2008},
  organization={IEEE},
  doi={10.1109/GCE.2008.4738445},
  isbn={978-1-5090-8353-4}
}

@article{anderson2010overview,
 author = {Anderson, David P.},
 title = {{Volunteer Computing: The Ultimate Cloud}},
 journal = {Crossroads},
 issue_date = {March 2010},
 volume = {16},
 number = {3},
 month = mar,
 year = {2010},
 issn = {1528-4972},
 pages = {7--10},
 numpages = {4},
 doi = {10.1145/1734160.1734164},
 acmid = {1734164},
 publisher = {ACM},
 address = {New York, NY, USA},
} 

@phdthesis{sarmenta2001volunteer,
  title={Volunteer computing},
  author={Sarmenta, Luis Francisco Gumaru},
  year={2001},
  school={Massachusetts Institute of Technology},
  url={http://hdl.handle.net/1721.1/16773},
  urldate={2018-03-23}
}
@article{gartner2014,
  title={{Gartner says annual smartphone sales surpassed sales of feature phones for the first time in 2013.}},
  author={Gartner},
  note={Retrieved 2019-01-08 from \url{https://www.gartner.com/en/newsroom/}},
  year={2014}
}

@article{gartner2015,
  title={{Gartner Says Smartphone Sales Surpassed One Billion Units in 2014.}},
  author={Gartner},
  note={Retrieved 2019-01-08 from \url{https://www.gartner.com/en/newsroom/}},
  year={2015}
}

@article{gartner2016,
  title={{Gartner Says Worldwide Smartphone Sales Grew 9.7 Percent in Fourth
Quarter of 2015.}},
  author={Gartner},
  note={Retrieved 2019-01-08 from \url{https://www.gartner.com/en/newsroom/}},
  year={2016}
}

@article{gartner2017,
  title={{Gartner Says Worldwide Sales of Smartphones Grew 7 Percent in the
Fourth Quarter of 2016.}},
  author={Gartner},
  note={Retrieved 2019-01-08 from \url{https://www.gartner.com/en/newsroom/}},
  year={2017}
}

@article{gartner2018,
  title={{Gartner Says Worldwide Sales of Smartphones Recorded First Ever Decline
During the Fourth Quarter of 2017.}},
  author={Gartner},
  note={Retrieved 2019-01-08 from \url{https://www.gartner.com/en/newsroom/}},
  year={2018}
}

@article{gartner2019,
  title={{Gartner Says Global Smartphone Sales Stalled in the Fourth Quarter of 2018.}},
  author={Gartner},
  note={Retrieved 2020-08-08 from \url{https://www.gartner.com/en/newsroom/}},
  year={2019}
}

@article{gartner2020,
  title={{Gartner Says Global Smartphone Sales Fell Slightly in the Fourth Quarter of 2019}},
  author={Gartner},
  note={Retrieved 2020-08-08 from \url{https://www.gartner.com/en/newsroom/}},
  year={2020}
}

@article{theis2017end,
  title={{The End of Moore's Law: A New Beginning for Information Technology}},
  author={Theis, Thomas N and Wong, H-S Philip},
  journal={Computing in Science \& Engineering},
  volume={19},
  number={2},
  pages={41--50},
  year={2017},
  publisher={IEEE Computer Society}
}

@inproceedings{herrera2018webassembly,
 author = {Herrera, David and Chen, Hanfeng and Lavoie, Erick and Hendren, Laurie},
 title = {{Numerical Computing on the Web: Benchmarking for the Future}},
 booktitle = {Proceedings of the 14th ACM SIGPLAN International Symposium on Dynamic Languages},
 series = {DLS 2018},
 year = {2018},
 isbn = {978-1-4503-6030-2},
 location = {Boston, MA, USA},
 pages = {88--100},
 numpages = {13},
 url = {http://doi.acm.org/10.1145/3276945.3276968},
 doi = {10.1145/3276945.3276968},
 acmid = {3276968},
 publisher = {ACM},
 address = {New York, NY, USA},
 keywords = {JavaScript, Ostrich benchmarks, WebAssembly, performance, scientific web benchmarking, web-based scientific computation},
}

@phdthesis{lavoie2019thesis,
  title={{Personal Volunteer Computing}},
  author={Lavoie, Erick},
  year={2019},
  school={McGill University},
  url={http://ericklavoie.com/phd/dissertation.pdf},
  urldate={2020-08-08}
}

@misc{redecentralize,
  title={{Redecentralize}},
  author={Bolychevsky, Irina and Gerben},
  year={2013},
  note={Retrieved 2020-08-08 from \url{https://redecentralize.org/}}
}

@misc{datproject,
  title={{Dat}},
  author={Odgen, Max},
  year={2013},
  note={Retrieved 2020-08-08 from \url{https://en.wikipedia.org/wiki/Dat_(software)}}
}

@misc{ogden2017dat,
 title={Dat - Distributed Dataset Synchronization And Versioning},
 url={osf.io/nsv2c},
 DOI={10.31219/osf.io/nsv2c},
 publisher={OSF Preprints},
 author={Ogden, Maxwell and McKelvey, Karissa  and  Buus Madsen, Mathias},
 year={2017},
 month={Jan}
}

@misc{hypercore,
  title={{Hypercore Protocol}},
  author={Frazee, Paul and Wosh, Andre and Madsen, Mathias Buus},
  year={2020},
  note={Retrieved 2020-08-08 from \url{https://hypercore-protocol.org/}}
}

@article{robinson2018dat,
  title={{The Dat Project, an open and decentralized research data tool}},
  author={Robinson, Danielle C and Hand, Joe A and Madsen, Mathias Buus and McKelvey, Karissa R},
  journal={Scientific data},
  volume={5},
  number={1},
  pages={1--4},
  year={2018},
  publisher={Nature Publishing Group}
}


@inproceedings{tarr2019ssb,
author = {Tarr, Dominic and Lavoie, Erick and Meyer, Aljoscha and Tschudin, Christian},
title = {Secure Scuttlebutt: An Identity-Centric Protocol for Subjective and Decentralized Applications},
year = {2019},
isbn = {9781450369701},
publisher = {ACM},
booktitle = {ICN 2019},
keywords = {Secure Scuttlebutt, Push vs. Pull, Information-Centric Networking}
}

@misc{ssb-website,
  title={{Secure Scuttlebutt}},
  author={Tarr, Dominic and volunteers},
  year={2015},
  note={Retrieved 2020-08-08 from \url{https://scuttlebutt.nz/}}
}

@misc{ssb-applications,
  title={{Secure Scuttlebutt Applications}},
  author={T},
  year={2017},
  note={Retrieved 2020-08-08 from \url{https://handbook.scuttlebutt.nz/applications}}
}

@misc{manyverse,
  title={{Manyverse}},
  author={Medeiros, Andre and Martin, Gordon and Luandro and P. Levy, Robert and Lehner, Charles E. and Karlsson, Jacob and Gomez, David},
  year={2018},
  note={Retrieved 2020-08-08 from \url{https://manyver.se}}
}

@misc{planetary,
  title={{Planetary}},
  author={Henshaw-Plath, Evan and Hickman, Amanda and  Bubert, Henry and Bundy, Christian and Dutra, Martin and Heit, Sebastian},
  year={2018},
  note={Retrieved 2020-08-08 from \url{https://planetary.social/}}
}

@misc{dat-oc,
  title={{Dat Open Collective}},
  year={2018},
  note={Retrieved 2020-08-08 from \url{https://opencollective.com/dat}}
}

@misc{ssb-oc,
  title={{SSB Open Collective}},
  year={2018},
  note={Retrieved 2020-08-08 from \url{https://opencollective.com/secure-scuttlebutt-consortium}}
}

@misc{manyverse-oc,
  title={{Manyverse Open Collective}},
  year={2018},
  note={Retrieved 2020-08-08 from \url{https://opencollective.com/manyverse}}
}

@misc{dat-funding,
  title={{Dat Organization and Funding}},
  year={2019},
  note={Retrieved 2020-08-08 from \url{https://github.com/datproject/organization}}
}

@inproceedings{vanrenesse2008scuttlebutt,
author = {van Renesse, Robbert and Dumitriu, Dan and Gough, Valient and Thomas, Chris},
title = {Efficient Reconciliation and Flow Control for Anti-Entropy Protocols},
year = {2008},
isbn = {9781605582962},
publisher = {ACM},
booktitle = {LADIS 2008},
keywords = {flow control, epidemics, gossip, anti-entropy}
}

@inproceedings{decandia2007dynamo,
author = {DeCandia, Giuseppe and Hastorun, Deniz and Jampani, Madan and Kakulapati, Gunavardhan and Lakshman, Avinash and Pilchin, Alex and Sivasubramanian, Swaminathan and Vosshall, Peter and Vogels, Werner},
title = {Dynamo: Amazon’s Highly Available Key-Value Store},
year = {2007},
isbn = {9781595935915},
publisher = {ACM},
booktitle = {SOPS 2007},
keywords = {reliability, performance, scalability},
}

@book{cachin2011introduction,
  title={Introduction to reliable and secure distributed programming},
  author={Cachin, Christian and Guerraoui, Rachid and Rodrigues, Lu{\'\i}s},
  year={2011},
  publisher={Springer Science \& Business Media}
}

@article{tarr2015designing,
  title={Designing a secret handshake: authenticated key exchange as a capability system},
  author={Tarr, Dominic},
  journal={self published},
  pages={1--13},
  year={2015}
}

@misc{ssb-protocol-guide,
  title={{Scuttlebutt Protocol Guide: How Scuttlebutt peers find and talk to each other}},
  year={2019},
  note={Retrieved 2020-09-02 from \url{https://ssbc.github.io/scuttlebutt-protocol-guide/}}
}

@misc{ssb-daily-active-users,
  title={{Daily Active Users}},
  author={Lehner, Charles E.},
  year={2020},
  note={Retrieved 2020-09-06 from \url{https://ssb.celehner.com/activity/}}
}

@inproceedings{gao2018survey,
  title={{A survey of blockchain: techniques, applications, and challenges}},
  author={Gao, Weichao and Hatcher, William G and Yu, Wei},
  booktitle={ICCCN 2018},
  pages={1--11},
  year={2018},
  organization={IEEE}
}

@article{eugster-pub-sub-survey,
author = {Eugster, Patrick Th. and Felber, Pascal A. and Guerraoui, Rachid and Kermarrec, Anne-Marie},
title = {The Many Faces of Publish/Subscribe},
year = {2003},
issue_date = {June 2003},
publisher = {Association for Computing Machinery},
address = {New York, NY, USA},
volume = {35},
number = {2},
issn = {0360-0300},
url = {https://doi.org/10.1145/857076.857078},
doi = {10.1145/857076.857078},
journal = {ACM Comput. Surv.},
month = jun,
pages = {114–131},
numpages = {18},
keywords = {publish/subscribe, Distribution, interaction}
}

@book{shah2009gossip,
  title={Gossip algorithms},
  author={Shah, Devavrat},
  year={2009},
  publisher={Now Publishers Inc}
}

@article{jelasity2007gossip,
  title={Gossip-based peer sampling},
  author={Jelasity, M{\'a}rk and Voulgaris, Spyros and Guerraoui, Rachid and Kermarrec, Anne-Marie and Van Steen, Maarten},
  journal={ACM Transactions on Computer Systems (TOCS)},
  volume={25},
  number={3},
  pages={8--es},
  year={2007},
  publisher={ACM New York, NY, USA}
}

@inproceedings{giakkoupis2013gossip,
  title={Gossip protocols for renaming and sorting},
  author={Giakkoupis, George and Kermarrec, Anne-Marie and Woelfel, Philipp},
  booktitle={International Symposium on Distributed Computing},
  pages={194--208},
  year={2013},
  organization={Springer}
}

@inproceedings{guerraoui2009tracking,
  title={{On Tracking Freeriders in Gossip Protocols}},
  author={Guerraoui, Rachid and Huguenin, K{\'e}vin and Kermarrec, Anne-Marie and Monod, Maxime},
  booktitle={2009 IEEE Ninth International Conference on Peer-to-Peer Computing},
  pages={139--142},
  year={2009},
  organization={IEEE}
}


@article{kermarrec2007gossiping,
author = {Kermarrec, Anne-Marie and van Steen, Maarten},
title = {Gossiping in Distributed Systems},
year = {2007},
issue_date = {October 2007},
publisher = {Association for Computing Machinery},
address = {New York, NY, USA},
volume = {41},
number = {5},
issn = {0163-5980},
url = {https://doi.org/10.1145/1317379.1317381},
doi = {10.1145/1317379.1317381},
month = oct,
pages = {2–7},
numpages = {6}
}

@INPROCEEDINGS{kempe2003gossiping,
  author={D. {Kempe} and A. {Dobra} and J. {Gehrke}},
  booktitle={44th Annual IEEE Symposium on Foundations of Computer Science, 2003. Proceedings.}, 
  title={Gossip-based computation of aggregate information}, 
  year={2003},
  volume={},
  number={},
  pages={482-491},}
  
  
@article{birman1999bimodal-multicast,
author = {Birman, Kenneth P. and Hayden, Mark and Ozkasap, Oznur and Xiao, Zhen and Budiu, Mihai and Minsky, Yaron},
title = {Bimodal Multicast},
year = {1999},
issue_date = {May 1999},
publisher = {Association for Computing Machinery},
address = {New York, NY, USA},
volume = {17},
number = {2},
issn = {0734-2071},
url = {https://doi.org/10.1145/312203.312207},
doi = {10.1145/312203.312207},
journal = {ACM Trans. Comput. Syst.},
month = may,
pages = {41–88},
numpages = {48}
}

@techreport{kantor1986nntp,
  title={Network news transfer protocol},
  author={Kantor, Brian and Lapsley, Phil and Kantor, B and Lapsley, P},
  year={1986},
  institution={RFC 977, February}
}

@article{van1996horus,
  title={Horus: A flexible group communication system},
  author={Van Renesse, Robbert and Birman, Kenneth P and Maffeis, Silvano},
  journal={Communications of the ACM},
  volume={39},
  number={4},
  pages={76--83},
  year={1996},
  publisher={ACM New York, NY, USA}
}

@inproceedings{garriss2006re:reliable-email,
  title={RE: Reliable Email.},
  author={Garriss, Scott and Kaminsky, Michael and Freedman, Michael J and Karp, Brad and Mazi{\`e}res, David and Yu, Haifeng},
  booktitle={NSDI},
  volume={6},
  pages={22--22},
  year={2006}
}

@inproceedings{freedman2004efficient-private-matching,
  title={Efficient private matching and set intersection},
  author={Freedman, Michael J and Nissim, Kobbi and Pinkas, Benny},
  booktitle={International conference on the theory and applications of cryptographic techniques},
  pages={1--19},
  year={2004},
  organization={Springer}
}

@article{haifng2010sybillimit,
author = {Yu, Haifeng and Gibbons, Phillip B. and Kaminsky, Michael and Xiao, Feng},
title = {SybilLimit: A near-Optimal Social Network Defense against Sybil Attacks},
year = {2010},
issue_date = {June 2010},
issn = {1063-6692},
journal = {IEEE/ACM Trans. Netw.},
month = jun,
keywords = {sybilguard, sybil attack, social networks, sybillimit, sybil identities}
}

@inproceedings{kleppmann2019local-first-software,
author = {Kleppmann, Martin and Wiggins, Adam and van Hardenberg, Peter and McGranaghan, Mark},
title = {Local-First Software: You Own Your Data, in Spite of the Cloud},
year = {2019},
isbn = {9781450369954},
publisher = {ACM},
booktitle = {Onward! 2019},
keywords = {CRDTs, mobile computing, data ownership, collaboration software, peer-to-peer communication}
}

@misc{slack-app,
  title={{Slack}},
  author={Butterfield, Stewart and Costello, Eric and Henderson, Cal and  Mourachov, Serguei},
  year={2013},
  note={Retrieved 2020-09-09 from \url{https://slack.com/}}
}

@misc{ssb-friends,
  title={{ssb-friends}},
  author={Tarr, Dominic},
  year={2017},
  note={Retrieved 2020-09-09 from \url{https://github.com/ssbc/ssb-friends}}
}

@misc{kappa-architecture,
  title={{kappa-architecture.com/}},
  author={Pathirage, Milinda},
  year={2014},
  note={Retrieved 2020-09-09 from \url{https://milinda.pathirage.org/kappa-architecture.com/}}
}

@misc{git,
  title={{git}},
  author={Torvalds, Linus and Hamano, Junio and others},
  year={2005},
  note={Retrieved 2020-09-10 from \url{https://git-scm.com/}}
}

@misc{bittorrent,
  title={{BitTorrent.org}},
  author={{Cohen, Bram and Harrison, David}},
  year={2001},
  note={Retrieved 2020-09-10 from \url{http://www.bittorrent.org/}}
}

@misc{openbazaar,
  title={{https://openbazaar.org/}},
  author={{Taaki, Amir and Hoffman, Brian}},
  year={2016},
  note={Retrieved 2020-09-10 from \url{https://openbazaar.org/}}
}

@misc{ssb-offgrid,
  title={{An Off-Grid Social Network}},
  author={{Staltz, Andr\'e}},
  year={2017},
  note={Retrieved 2020-09-10 from \url{https://staltz.com/an-off-grid-social-network.html}}
}

@misc{ssb-private-box,
  title={{private-box}},
  author={{Tarr, Dominic}},
  year={2015},
  note={Retrieved 2020-09-10 from \url{https://github.com/auditdrivencrypto/private-box}}
}

@misc{rfc7748,
  title={{RFC 7748: Elliptic Curves for Security}},
  author={Langley, A. and Hamburg, M. and Turner, S.},
  year={2016},
  note={Retrieved 2020-09-10 from \url{https://tools.ietf.org/html/rfc7748}}
}

@misc{filippo2019ed25519,
  title={{Using Ed25519 Signing Keys for Encryption}},
  author={Valsorda, Filippo},
  year={2019},
  note={Retrieved 2020-09-10 from \url{https://blog.filippo.io/using-ed25519-keys-for-encryption/}}
}

@inproceedings{demers1987epidemic,
  title={Epidemic algorithms for replicated database maintenance},
  author={Demers, Alan and Greene, Dan and Hauser, Carl and Irish, Wes and Larson, John and Shenker, Scott and Sturgis, Howard and Swinehart, Dan and Terry, Doug},
  booktitle={Proceedings of the sixth annual ACM Symposium on Principles of distributed computing},
  pages={1--12},
  year={1987}
}

@book{dunbar2014thinking,
  title={Thinking big: How the evolution of social life shaped the human mind},
  author={Dunbar, Robin},
  year={2014},
  publisher={Thames \& Hudson}
}

@article{gonccalves2011modeling,
  title={Modeling users' activity on twitter networks: Validation of dunbar's number},
  author={Gon{\c{c}}alves, Bruno and Perra, Nicola and Vespignani, Alessandro},
  journal={PloS one},
  volume={6},
  number={8},
  pages={e22656},
  year={2011},
  publisher={Public Library of Science}
}

@inproceedings{douceur2002sybil,
  title={The sybil attack},
  author={Douceur, John R},
  booktitle={International workshop on peer-to-peer systems},
  pages={251--260},
  year={2002},
  organization={Springer}
}

@article{benet2014ipfs,
  author    = {Juan Benet},
  title     = {{IPFS} - Content Addressed, Versioned, {P2P} File System},
  journal   = {CoRR},
  volume    = {abs/1407.3561},
  year      = {2014},
  archivePrefix = {arXiv},
  eprint    = {1407.3561},
  timestamp = {Mon, 13 Aug 2018 16:47:09 +0200},
  biburl    = {https://dblp.org/rec/journals/corr/Benet14.bib},
  bibsource = {dblp computer science bibliography, https://dblp.org}
}

@inproceedings{koll2014soup,
author = {Koll, David and Li, Jun and Fu, Xiaoming},
title = {SOUP: An Online Social Network by the People, for the People},
year = {2014},
isbn = {9781450327855},
publisher = {ACM},
booktitle = {Middleware 2014},
keywords = {decentralized OSN, online social networks, privacy, OSN}
}

@article{guidi2018managing,
  title={Managing social contents in decentralized online social networks: a survey},
  author={Guidi, Barbara and Conti, Marco and Passarella, Andrea and Ricci, Laura},
  journal={Online Social Networks and Media},
  volume={7},
  pages={12--29},
  year={2018},
  publisher={Elsevier}
}

@inproceedings{conti2014epidemic,
  title={{Epidemic Diffusion of Social Updates in Dunbar-based DOSN}},
  author={Conti, Marco and De Salve, Andrea and Guidi, Barbara and Ricci, Laura},
  booktitle={European Conference on Parallel Processing},
  pages={311--322},
  year={2014},
  organization={Springer}
}

@inproceedings{tandukar2011selective,
  title={Selective propagation of social data in decentralized online social network},
  author={Tandukar, Udeep and Vassileva, Julita},
  booktitle={International Conference on User Modeling, Adaptation, and Personalization},
  pages={213--224},
  year={2011},
  organization={Springer}
}

@inproceedings{buchegger2009peerSoN,
  title={Implementing a P2P social network-early experiences and insights from peerSoN},
  author={Buchegger, Sonja and Schioberg, Doris and Vu, Le-Hung and Datta, Anwitaman},
  booktitle={Second ACM workshop on social network systems (co-located with EuroSys 2009)},
  number={CONF},
  year={2009}
}

@inproceedings{liu2011confidant,
  title={Confidant: protecting OSN data without locking it up},
  author={Liu, Dongtao and Shakimov, Amre and C{\'a}ceres, Ram{\'o}n and Varshavsky, Alexander and Cox, Landon P},
  booktitle={ACM/IFIP/USENIX International Conference on Distributed Systems Platforms and Open Distributed Processing},
  pages={61--80},
  year={2011},
  organization={Springer}
}

@article{guidi2016didusonet,
  title={DiDuSoNet: A P2P architecture for distributed Dunbar-based social networks},
  author={Guidi, Barbara and Amft, Tobias and De Salve, Andrea and Graffi, Kalman and Ricci, Laura},
  journal={Peer-to-Peer Networking and Applications},
  year={2016},
  publisher={Springer}
}

@article{eugster2004epidemic,
  title={Epidemic information dissemination in distributed systems},
  author={Eugster, Patrick T and Guerraoui, Rachid and Kermarrec, A-M and Massouli{\'e}, Laurent},
  journal={Computer},
  volume={37},
  number={5},
  pages={60--67},
  year={2004},
  publisher={IEEE}
}

@article{eugster2003lpcast,
author = {Eugster, P. Th. and Guerraoui, R. and Handurukande, S. B. and Kouznetsov, P. and Kermarrec, A.-M.},
title = {Lightweight Probabilistic Broadcast},
year = {2003},
issue_date = {November 2003},
publisher = {Association for Computing Machinery},
address = {New York, NY, USA},
volume = {21},
number = {4},
issn = {0734-2071},
journal = {ACM Trans. Comput. Syst.},
month = nov,
pages = {341–374},
numpages = {34},
keywords = {randomization, buffering, scalability, garbage collection, noise, reliability, Broadcast, gossip}
}

@inproceedings{mega2011efficient,
  title={Efficient dissemination in decentralized social networks},
  author={Mega, Giuliano and Montresor, Alberto and Picco, Gian Pietro},
  booktitle={2011 IEEE International Conference on Peer-to-Peer Computing},
  pages={338--347},
  year={2011},
  organization={IEEE}
}

@incollection{datta2010decentralized,
  title={{Decentralized Online Social Networks}},
  author={Datta, Anwitaman and Buchegger, Sonja and Vu, Le-Hung and Strufe, Thorsten and Rzadca, Krzysztof},
  booktitle={Handbook of social network technologies and applications},
  year={2010},
  publisher={Springer}
}

@inproceedings{datta2011godisco,
  title={Godisco: selective gossip based dissemination of information in social community based overlays},
  author={Datta, Anwitaman and Sharma, Rajesh},
  booktitle={International Conference on Distributed Computing and Networking},
  pages={227--238},
  year={2011},
  organization={Springer}
}

@inproceedings{haeberlen2007peerreview,
author = {Haeberlen, Andreas and Kouznetsov, Petr and Druschel, Peter},
title = {PeerReview: Practical Accountability for Distr. Sys.},
year = {2007},
publisher = {ACM},
booktitle = {SOPS 2007}
}

@article{maniatis2002secure,
  title={{Secure History Preservation through Timeline Entanglement}},
  author={Maniatis, Petros and Baker, Mary},
  journal={CoRR abs/cs/0202005},
  year={2002}
}
